%% This BibTeX bibliography file was created using BibDesk.
%% http://bibdesk.sourceforge.net/


%% Created for Peter Blouw at 2015-09-29 21:35:44 -0400 

@inproceedings{Sahlgren:2008,
	Author = {Sahlgren, M. and Holst, A. and Kanerva, P.},
	Booktitle = {Proceedings of the 30th {A}nnual {M}eeting of the {C}ognitive {S}cience {S}ociety.},
	Title = {Permutations as a means to encode order in word space.},
    Pages = {1300-1305},
	Year = {2008}}

@inproceedings{Recchia:2010,
	Author = {Recchia, G. and Jones, M. and Sahlgren, M. and Kanerva, P.},
	Booktitle = {Proceedings of the 32nd {A}nnual {M}eeting of the {C}ognitive {S}cience {S}ociety.},
	Title = {Encoding sequential information in vector space models of semantics: Comparing holographic reduced representations and random permutations.},
    Pages = {865-870},
	Year = {2010}}

@article{Andersen:1985,
	Author = {Andersen, R. and Essick, G. and Siegel, R.},
	Journal = {Science},
	Title = {Encoding of Spatial Locations in Posterior Parietal Neurons},
	Volume = {230},
	Pages = {456-458},
	Year = {1985}}

@article{Whyte:1990,
	Author = {Whyte, J.T.},
	Journal = {Analysis},
	Title = {Success Semantics},
	Volume = {50},
	Issue = {3},
	Pages = {149-157},
	Year = {1990}}

@article{Brandom:1994b,
	Author = {Brandom, R.},
	Journal = {Analysis},
	Title = {Unsuccessful Semantics},
	Volume = {54},
	Issue = {3},
	Pages = {175-178},
	Year = {1994}}

@incollection{Blackburn:2005,
	Author = {Blackburn, S.},
	Booktitle = {Ramsey's {L}egacy},
	Editor = {Lillehamer, H. and Mellor, D.},
	Publisher = {Oxford University Press},
	Title = {Success Semantics},
	Year = {2005}}

@article{Lupyan:2015,
	Author = {Lupyan, G. and Clark, A.},
	Journal = {Current Directions in Psychological Science},
	Title = {Words and the World: Predictive Coding and the Language-Perception-Cognition Interface},
	Volume = {24},
	Issue = {4},
	Pages = {279-284},
	Year = {2015}}

@article{McNaughton:1993,
	Author = {Wilson, M. and McNaughton, B.},
	Journal = {Science},
	Title = {Dynamics of the Hippocampal Ensemble Code for Space},
	Volume = {261},
	Pages = {1055-1058},
	Year = {1993}}

@article{Graves:2014,
	Author = {Graves, A. and Wayne, G. and Danihelka, I.},
	Journal = {arXiv preprint arXiv:1410.5401.},
	Title = {Neural Turing Machines},
	Year = {2014}}

@article{Rong:2014,
	Author = {Rong, X.},
	Journal = {arXiv preprint arXiv:1411.2738.},
	Title = {Word2Vec Parameter Learning Explained},
	Year = {2014}}

@article{Kolesnyk:2016,
	Author = {Kolesnyk, V. and Rockt{\"a}schel, T. and Reidel, S.},
	Journal = {arXiv preprint arXiv:1606.01404.},
	Title = {Generating Natural Language Inference Chains},
	Year = {2016}}

@inproceedings{Weston:2015,
	Author = {Weston, J. and Chopra, S. and Bordes, A.},
	Booktitle = {International {C}onference on {L}earning {R}epresentations},
	Title = {Memory Networks},
    Note = {arXiv preprint arXiv:1410.3916},
	Year = {2015}}

@inproceedings{Sukhbataar:2015,
	Author = {Sukhbataar, S. and Weston, J. and Fergus, R.},
	Booktitle = {Advances in {N}eural {I}nformation {P}rocessing {S}ystems},
	Title = {End-to-end memory Networks},
    Pages = {2440-2448},
	Year = {2015}}

@inproceedings{Weston:2016,
	Author = {Weston, J. and Bordes, A. and Chopra, S. and Rush, A. and van Merri{\"e}nboer, B. and Joulin, A. and Mikolov, T.},
	Booktitle = {International {C}onference on {L}earning {R}epresentations},
	Title = {Towards {AI}-Complete Question Answering: A set of Prerequisite toy tasks},
    Note = {arXiv preprint arXiv:1502.05698},
	Year = {2016}}

@inproceedings{Mikolov:2013,
	Author = {Mikolov, T. and Sustkever, I. and Chen, K. and Corrado, G. and Dean, J.},
	Booktitle = {Advances in {N}eural {I}nformation {P}rocessing {S}ystems},
	Title = {Distributed Representations of Words and Phrases and Their Compositionality.},
	Year = {2013}}

@inproceedings{Bowman:2015,
	Author = {Bowman, S. and Angeli, G. and Potts, C. and Manning, C.},
	Booktitle = {Proceedings of the 2015 {C}onference on {E}mpirical {M}ethods in {N}atural {L}anguage {P}rocessing},
	Title = {A large annotated corpus for learning natural language inference},
    Publisher = {Association for Computational Linguistics},
	Year = {2015}}


@inproceedings{Sutskever:2014,
	Author = {Sustkever, I. and Vinyals, O. and Le, Q.},
	Booktitle = {Advances in {N}eural {I}nformation {P}rocessing {S}ystems},
	Title = {Sequence to Sequence Learning with Neural Networks.},
	Year = {2014}}

@article{Socher:2014,
	Author = {Socher, R. and Karpathy, A. and Le, Q. and Manning, C. and Ng, A.},
	Journal = {Transactions of the Association of Computational Linguistics},
    Volume = {2},
	Title = {Grounded Compositional Semantics for Finding and Describing Images with Sentences},
    Pages = {207-218},
	Year = {2014}}

@inproceedings{Socher:2011,
	Author = {Socher, R. and Pennington, J. and Huang, E. and Ng, A. and Manning, C.},
	Booktitle = {Proceedings of the 2011 {C}onference on {E}mpirical {M}ethods in {N}atural {L}anguage {P}rocessing},
	Title = {Semi-supervised Recursive Autoencoders for Predicting Sentiment Distributions},
    Pages = {151-161},
    Publisher = {Association for Computational Linguistics},
	Year = {2011}}

@inproceedings{Tai:2015,
	Author = {Tai, K.S. and Socher, R. and Manning, C.},
	Booktitle = {Proceedings of the 53rd {A}nnual {M}eeting of the {A}ssociation for {C}omputational {L}inguistics},
	Title = {Improved Semantic Representations from Tree-Structured Long Short-Term Memory Networks},
    Pages = {1556-1566},
    Publisher = {Association for Computational Linguistics},
	Year = {2015}}

@inproceedings{Socher:2012,
	Author = {Socher, R. and Huval, B. and Manning, C. and Ng, A.},
	Booktitle = {Proceedings of the 2012 {J}oint {C}onference on {E}mpirical {M}ethods in {N}atural {L}anguage {P}rocessing and {C}omputational {N}atural {L}anguage {L}earning},
	Title = {Semantic Compositionality Through Recursive Matrix-Vector Spaces},
    Pages = {1201-1211},
    Publisher = {Association for Computational Linguistics},
	Year = {2012}}

@inproceedings{Iyyer:2014,
	Author = {Iyyer, M. and Boyd-Graber, J. and Daum\'e III, H.},
	Booktitle = {{NIPS} {W}orkshop on {L}earning {S}emantics},
	Title = {Generating Sentences from Semantic Vector Space Representations.},
	Year = {2014}}

@inproceedings{Blouw:2013,
	Author = {Blouw, P. and Eliasmith, C},
	Booktitle = {Proceedings of the 35th {A}nnual {M}eeting of the {C}ognitive {S}cience {S}ociety.},
	Title = {A neurally plausible method for encoding word order information into a semantic vector space.},
    Pages = {1905-1910},
	Year = {2013}}

@phdthesis{Hochstein:2011,
	Author = {Hochstein, E.},
	School = {University of Waterloo},
	Title = {Intentionality as Methodology},
	Year = {2011}}

@phdthesis{Rohde:2008,
	Author = {Rohde, H.},
	School = {University of San Diego},
	Title = {Coherence Driven Effects in Sentence and Discourse Processing},
	Year = {2008}}

@phdthesis{Eliasmith:2000,
	Author = {Eliasmith, C.},
	school = {University of Washington, St. Louis},
	Title = {How Neurons Mean: A Neurocomputational Theory of Representational Content.},
	Year = {2000}}

@article{Hadley:2009,
	Author = {Hadley, R.},
    Journal = {Neural Computation},
	Volume = {21},
    Pages = {510-532},
    Title = {The Problems of Rapid Variable Creation},
    Year = {2009}}

@article{Miller:2006,
	Author = {Miller, C.},
    Journal = {American Journal of Speech and Language Pathology},
	Volume = {15},
    Issue = {2},
    Pages = {142-154},
    Title = {Developmental Relationships between Language and Theory of Mind},
    Year = {2006}}

@article{Marcus:1998,
	Author = {Marcus, G.},
    Journal = {Cognitive Psychology},
	Volume = {37},
    Pages = {243-282},
    Title = {Rethinking Eliminative Connectionism},
    Year = {1998}}

@book{FodorLepore:2002,
	Author = {Fodor, J. and Lepore, E.},
	Title = {The Compositionality Papers},
	Publisher = {Oxford University Press},
	Year = {2002}}

@book{Misak:2013,
	Author = {Misak, C.},
	Title = {The {A}merican Pragmatists},
	Publisher = {Oxford University Press},
	Year = {2013}}

@incollection{Misak:2007,
	Author = {Misak, C.},
	Booktitle = {New Pragmatists},
	Title = {Pragmatism and Deflationism},
    Editor = {C. Misak},
    Publisher = {Oxford University Press},
    Pages = {68-90},
    Year = {2007}}

@article{FodorPylyshyn:1988,
	Author = {Fodor, J. and Pylyshyn, Z.},
	Journal = {Cognition},
	Number = {1-2},
	Pages = {3-71},
	Title = {Connectionism and cognitive architecture: A critical analysis.},
	Volume = {28},
	Year = {1988}}

@article{Barsalou:1999,
	Author = {Barsalou, L.},
	Journal = {Behavioral and Brain Sciences},
	Pages = {577-660},
	Title = {Perceptual Symbol Systems.},
	Volume = {22},
	Year = {1999}}

@article{clark:2013,
	Author = {Clark, A.},
	Journal = {Behavioral and Brain Sciences},
	Pages = {181-253},
	Title = {Whatever next? {P}redictive brains, situated agents, and the future of cognitive science.},
	Volume = {36},
	Year = {2013}}
    
@article{McClelland:2010,
	Author = {McClelland, J. and Botvinick, M. and Noelle, D. and Plaut, D. and Rogers, T. and Seidenberg, M. and Smith, L.},
	Journal = {Trends in Cognitive Sciences},
	Number = {8},
	Pages = {348-356},
	Title = {Letting structure emerge: Connectionist and dynamical systems approaches to cognitive modelling},
	Volume = {14},
	Year = {2010}}

@book{Wittgenstein:1953,
	Author = {Wittgenstein, L.},
	Editor = {Hacker, P. and Shulte, J.},
	Publisher = {Wiley-Blackwell},
	Title = {Philosophical Investigations},
	Year = {1953}}

@article{Harman:1982,
	Author = {Harman, G.},
	Journal = {Notre Dame Journal of Formal Logic},
	Pages = {242-256},
	Title = {Conceptual Role Semantics},
	Volume = {23},
	Year = {1982}}

@article{Mitchell:2010,
	Author = {Mitchell, J. and Lapata, M.},
    Journal = {Cognitive Science},
    Title = {Composition in Distributional Models of Semantics},
    Volume = {34},
    Pages = {1388-1429},
    Year = {2010}}

@article{Dennett:1991,
	Author = {Dennett, D.},
    Journal = {Journal of Philosophy},
    Title = {Real Patterns},
    Volume = {81},
    Issue = {1},
    Pages = {27-51},
    Year = {1991}}

@article{Elman:1990,
	Author = {Elman, J.},
    Journal = {Cognitive Science},
    Title = {Finding Structure in Time},
    Volume = {14},
    Pages = {179-211},
    Year = {1990}}

@article{Bottou:2014,
	Author = {Bottou, L.},
    Journal = {Machine Learning},
    Title = {From Machine Learning to Machine Reasoning: An Essay},
    Volume = {94},
    Number = {2},
    Pages = {133-149},
    Year = {2014}}

@article{Elman:1991,
	Author = {Elman, J.},
    Journal = {Machine Learning},
    Title = {Distributed Representations, Simple Recurrent Networks and Grammatical Structure},
    Volume = {7},
    Pages = {195-225},
    Year = {1991}}

@article{Churchland:1993,
	Author = {Churchland, P.M.},
    Journal = {Philosophy and Phenomenological Research},
    Title = {State-Space Semantics and Meaning Holism},
    Volume = {LIII},
    Number = {3},
    Pages = {667-672},
    Year = {1993}}

@article{Christiansen:2015,
	Author = {Christiansen, M. and Chater, N.},
	Journal = {Behavioral and Brain Sciences},
	Title = {The Now-or-Never Bottleneck: A Fundamental Constraint on Language},
	Volume = {39},
    Pages = {1-72},
	Year = {2016}}

@incollection{Goodman:2015,
	Author = {Goodman, N. and Gerstenberg, T. and Tenenbaum, J.},
	Booktitle = {The Conceptual Mind: New Directions in the Study of Concepts},
	Editor = {Margolis, E. and Laurence, S.},
	Publisher = {MIT Press},
    Pages = {623-654},
	Title = {Concepts in a Probabilistic Language of Thought},
	Year = {2015}}

@incollection{Dretske:1986,
	Author = {Dretske, F.},
	Booktitle = {Belief: Form, Content, and Function},
	Editor = {Bogdan, R.},
	Publisher = {Oxford University Press},
    Pages = {17-36},
	Title = {Misrepresentation},
	Year = {1986}}

@article {Eliasmith:2012,
  title = {A large-scale model of the functioning brain},
  journal = {Science},
  volume = {338},
  year = {2012},
  pages = {1202-1205},
  author = {Eliasmith, C. and Stewart, T. and Choo, X. and Bekolay, T. and DeWolf, T. and Tang, Y. and Rasmussen, D.}}

@article{Eliasmith:2007,
	Author = {Eliasmith, C.},
	Journal = {Synthese},
	Pages = {373-388},
	Title = {How to build a brain: From function to implementation},
	Volume = {159},
	Year = {2007}}

@article{Pickering:2013,
	Author = {Pickering, M. and Garrod, S.},
	Journal = {Behavioral and Brain Sciences},
	Pages = {329-392},
	Title = {An integrated theory of language production and comprehension},
	Volume = {36},
	Year = {2013}}

@article{Pickering:2007,
	Author = {Pickering, M. and Garrod, S.},
	Journal = {Trends in Cognitive Science},
	Pages = {105-110},
	Title = {Do people use language production to make predictions during comprehension?},
	Volume = {11},
    Issue = {3},
	Year = {2007}}

@article{Unnsteinsson:2014,
	Author = {Unnsteinsson, E.},
	Journal = {Synthese},
	Volume={191},
  	Number={14},
  	Pages={3329-3350},
	Title = {Compositionality and Sandbag Semantics},
	Year = {2014}}

@book{Thagard:2005,
	Author = {Thagard, P.},
	Publisher = {MIT Press},
    Edition = {2nd},
	Title = {Mind: Introduction to Cognitive Science},
	Year = {2005}}

@book{Recanati:2004,
	Author = {Recanati, F.},
	Publisher = {Cambridge University Press},
	Title = {Literal Meaning},
	Year = {2004}}

@book{Plate:2003,
	Author = {Plate, T.},
	Publisher = {CSLI Publications},
	Title = {Holographic Reduced Representation: Distributed Representation for Cognitive Structures},
	Year = {2003}}

@inproceedings{Sahlgren:2005,
  title={An introduction to random indexing},
  author={Sahlgren, M.},
  booktitle={The 7th {I}nternational {C}onference on {T}erminology and {K}nowledge {E}ngineering},
  volume={5},
  year={2005}}

@incollection{KortaPerry:2015,
	Author = {Korta, K. and Perry, J.},
	Booktitle = {Stanford Encyclopedia of Philosophy},
	Editor = {E. Zalta},
	Publisher = {CSLI Publications},
	Title = {Pragmatics},
	Year = {2015}}

@incollection{Glanzberg:2013,
	Author = {Glanzberg, M.},
	Booktitle = {Stanford Encyclopedia of Philosophy},
	Editor = {E. Zalta},
	Publisher = {CSLI Publications},
	Title = {Truth},
	Year = {2013}}

@incollection{Szabo:2013,
	Author = {Szab\'o, Z.},
	Booktitle = {Stanford Encyclopedia of Philosophy},
	Editor = {E. Zalta},
	Publisher = {CSLI Publications},
	Title = {Compositionality},
	Year = {2013}}

@incollection{Speaks:2014,
	Author = {Speaks, J.},
	Booktitle = {Stanford Encyclopedia of Philosophy},
	Editor = {E. Zalta},
	Publisher = {CSLI Publications},
	Title = {Theories of Meaning},
	Year = {2014}}

@article{Davidson:1967,
	Author = {Davidson, D.},
	Journal = {Synthese},
	Number = {1},
	Pages = {304-323},
	Title = {Truth and Meaning},
	Volume = {17},
	Year = {1967}}

@article{Millikan:1989,
	Author = {Millikan, R.},
	Journal = {The Journal of Philosophy},
	Number = {6},
	Pages = {281-297},
	Title = {Biosemantics},
	Volume = {86},
	Year = {1989}}

@article{Lewis:1970,
	Author = {Lewis, D.},
	Journal = {Synthese},
	Number = {1},
	Pages = {18-67},
	Title = {General Semantics},
	Volume = {22},
	Year = {1970}}

@book{Millikan:2005,
	Author = {Millikan, R.},
	Publisher = {Oxford University Press},
	Title = {Language: A Biological Model},
	Year = {2005}}

@book{Fodor:1987,
	Author = {Fodor, J.},
	Publisher = {MIT Press},
	Title = {Psychosemantics: The Problem in Meaning in the Philosophy of Mind},
	Year = {1987}}

@book{GodfreySmith:2002,
	Author = {Godfrey-Smith, P.},
	Publisher = {University of Chicago Press},
	Title = {Theory and Reality: An Introduction to the Philosophy of Science},
	Year = {2003}}

@article{FodorLepore:1991,
	Author = {Fodor, J. and Lepore, E.},
	Journal = {Mind and Language},
	Number = {4},
	Pages = {328-343},
	Title = {Why Meaning (Probably) Isn't Conceptual Role},
	Volume = {6},
	Year = {1991}}

@book{Dennett:1987,
	Author = {Dennett, D.},
	Publisher = {MIT Press},
	Title = {The Intentional Stance},
	Year = {1987}}

@article{Block:1986,
	Author = {Block, N.},
	Journal = {Midwest Studies in Philosophy},
	Number = {1},
	Pages = {615-678},
	Title = {Advertisement for a semantics for psychology},
	Volume = {10},
	Year = {1986}}
 
@article{Grush:2004,
	Author = {Grush, R.},
	Journal = {Behavioral and Brain Sciences},
	Pages = {377-442},
	Title = {The emulation theory of representation: Motor control, imagery, and perception},
	Volume = {27},
	Year = {2004}}
 
@article{Bloom:2001,
	Author = {Bloom, P.},
	Journal = {Behavioral and Brain Sciences},
	Pages = {1095-1134},
	Title = {Pr\'ecis of \textit{How Children Learning the Meanings of Words}},
	Volume = {24},
	Year = {2001}}
   
@article{Tomasello:2001,
	Author = {Tomasello, M.},
	Journal = {Behavioral and Brain Sciences},
	Pages = {1119-1120},
	Title = {Could we please lose the mapping metaphor, please?},
	Volume = {24},
	Year = {2001}} 
   
@article{Frank:2016,
  Author = {Lewis, M. and Frank, M.},
  Journal = {Behavioral and Brain Sciences},
  Pages = {38-39},
  Title = {Linguistic structure emerges through the interaction of memory constraints and communicative pressures},
  Year = {2016}} 
   
@article{Sellars:1963,
	Author = {Sellars, W.},
	Journal = {Science, Perception and Reality},
	Pages = {35-78},
	Title = {Philosophy and the Scientific Image of Man},
	Year = {1963}}

@article{Sellars:1953,
	Author = {Sellars, W.},
	Journal = {Mind},
	Number = {247},
	Pages = {313-338},
	Title = {Inference and Meaning},
	Volume = {62},
	Year = {1953}}
   
@article{Sellars:1954,
	Author = {Sellars, W.},
	Journal = {Philosophy of Science},
	Number = {3},
	Pages = {204-228},
	Title = {Some Reflections on Language Games},
	Volume = {21},
	Year = {1954}}

@book{Soames:2010,
	Author = {Soames, S.},
	Publisher = {Princeton University Press},
	Title = {Philosophy of Language},
	Year = {2010}}
    
@book{SmolenskyLegendre:2006,
	Author = {Smolensky, P. and Legendre, G.},
	Publisher = {MIT Press},
	Title = {The Harmonic Mind: {F}rom Neural Computation to Optimality-Theoretic Grammar},
    Volume = {1},
	Year = {2006}}

@book{Horwich:2005,
	Author = {Horwich, P.},
	Publisher = {Oxford University Press},
	Title = {Reflections on Meaning},
	Year = {2005}}

@book{Horwich:1998,
	Author = {Horwich, P.},
	Publisher = {Oxford University Press},
	Title = {Meaning},
	Year = {1998}}

@book{Brandom:2011,
	Author = {Brandom, R.},
	Publisher = {Harvard University Press},
	Title = {Perspectives on Pragmatism: {C}lassical, Recent, and Contemporary},
	Year = {2011}}

@book{Brandom:2009,
	Author = {Brandom, R.},
	Publisher = {Harvard University Press},
	Title = {Reason in Philosophy: {A}nimating Ideas},
	Year = {2009}}

@article{Rothman:2017,
	Year = {2017},
	Author = {Rothman, J.},
    Journal = {The New Yorker},
    url = {http://www.newyorker.com/magazine/2017/03/27/daniel-dennetts-science-of-the-soul},
    Title = {Daniel Dennett's Science of the Soul.}}

@book{Brandom:2000,
	Author = {Brandom, R.},
	Publisher = {Harvard University Press},
	Title = {Articulating Reasons: {A}n Introduction to Inferentialism},
	Year = {2000}}

@book{Brandom:1994,
	Author = {Brandom, R.},
	Publisher = {Harvard University Press},
	Title = {Making it explicit: {R}easoning, representing, and discursive commitment},
	Year = {1994}}
    
@book{Pinker:1994,
	Author={Pinker, S.},
    Publisher={Harper Perennial},
    Title={The Language Instinct},
    Year= {1994}}
    
@article{Mnih:2015,
  title={Human-level control through deep reinforcement learning},
  author={Mnih, V. and Kavukcuoglu, K. and Silver, D. and Rusu, A. and Veness, J. and Bellemare, M. and Graves, A. and Riedmiller, M. and Fidjeland, A. and Ostrovski, G. and et al.},
  journal={Nature},
  volume={518},
  number={7540},
  pages={529-533},
  year={2015}}

@book{Tomasello:2003,
	title={Constructing a Language: A Usage-based Theory of Language Acquisition},
	author={Tomasello, M.},
	year={2003},
	publisher={Harvard University Press}}

@article{Rasmussen:2011,
  title={A neural model of rule generation in inductive reasoning},
  author={Rasmussen, D. and Eliasmith, C.},
  journal={Topics in Cognitive Science},
  volume={3},
  number={1},
  pages={140-153},
  year={2011}}

@proceedings {Eliasmith:2005,
  title = {Cognition with neurons: A large-scale, biologically realistic model of the Wason task},
  journal = {Proceedings of the 27th {A}nnual {M}eeting of the {C}ognitive {S}cience {S}ociety},
  year = {2005},
  pages = {624-629},
  author = {Eliasmith, C.}}

@book{CappelenLepore:2005,
	Author = {Cappelen, H. and Lepore, E.},
	Publisher = {Wiley-Blackwell},
	Title = {Insensitive semantics: A defense of semantic minimalism and speech act pluralism},
	Year = {2005}}

@incollection{Peirce:1992,
	Author = {Peirce, C.S.},
	Booktitle = {The Essential Peirce: Selected Philosophical Writings},
    Pages = {124-141},
    Volume = {1},
	Editor = {Houser, N. and Kloesel, C.},
	Publisher = {Indiana University Press},
	Title = {How to Make our Ideas Clear},
	Year = {1878/1992}}

@incollection{Stanley:2008,
	Author = {Stanley, J.},
	Booktitle = {The Routledge Companion to Twentieth Century Philosophy},
	Editor = {Moran, D.},
	Publisher = {Routledge},
	Title = {Philosophy of Language in the Twentieth Century},
	Year = {2008}}

@incollection{Chomsky:1990,
	Author = {Chomsky, N.},
	Booktitle = {The Philosophy of Language},
	Editor = {Martinich, A.P.},
	Pages = {581-599},
    Edition = {4th},
	Publisher = {Oxford University Press},
	Title = {Language and Problems of Knowledge},
	Year = {1990/2001}}

@article{Plate:1995,
  title={Holographic reduced representations},
  author={Plate, T.},
  journal={IEEE Transactions on Neural Networks},
  volume={6},
  number={3},
  pages={623-641},
  year={1995}}

@article{Smolensky:1990,
  title={Tensor product variable binding and the representation of symbolic structures in connectionist systems},
  author={Smolensky, P.},
  journal={Artificial intelligence},
  volume={46},
  number={1-2},
  pages={159-216},
  year={1990}}

@incollection{Lewis:1975,
	Author = {Lewis, D.},
	Booktitle = {The Philosophy of Language},
	Editor = {Martinich, A.P.},
	Pages = {562-580},
    Edition = {4th},
	Publisher = {Oxford University Press},
	Title = {Languages and Language},
	Year = {1975/2001}}

@incollection{Austin:1962,
	Author = {Austin, J.L.},
	Booktitle = {The Philosophy of Language},
	Editor = {Martinich, A.P.},
	Pages = {130-138},
    Edition = {4th},
	Publisher = {Oxford University Press},
	Title = {Performative Utterances},
	Year = {1962/2001}}

@article{Putnam:1975,
	title = {The Meaning of `Meaning'},
	volume = {7},
	author = {Putnam, H.},
	journal = {Minnesota Studies in the Philosophy of Science},
	year = {1975},
	pages = {131-193},
	publisher = {University of Minnesota Press}}

@incollection{Searle:1969,
	Author = {Searle, J.},
	Booktitle = {The Philosophy of Language},
	Editor = {Martinich, A.P.},
	Pages = {199-210},
    Edition = {4th},
	Publisher = {Oxford University Press},
	Title = {The Structure of Illocutionary Acts},
	Year = {1969/2001}}


@incollection{Grice:1975,
	Author = {Grice, P.},
	Booktitle = {The Philosophy of Language},
	Editor = {Martinich, A.P.},
	Pages = {188-198},
    Edition = {4th},
	Publisher = {Oxford University Press},
	Title = {Logic and Conversation},
	Year = {1975/2001}}
    
@book{Clark:1996,
	Author = {Clark, H.},
	Title = {Using Language},
	Publisher = {Cambridge University Press},
	Year = {1996}}

@incollection{Brandom:2010a,
	Author = {Brandom, R.},
	Editor = {Weiss, B. and Wanderer, J.}, 
	Booktitle = {Reading Brandom: {O}n \textit{Making it Explicit}},
	Pages = {159-180},
	Publisher = {Routledge},
	Title = {Inferentialism and Some of Its Challenges},
	Year = {2010}}

@incollection{Brandom:2010b,
	Author = {Brandom, R.},
	Editor = {Weiss, B. and Wanderer, J.}, 
	Booktitle = {Reading Brandom: {O}n \textit{Making it Explicit}},
	Pages = {305-308},
	Publisher = {Routledge},
	Title = {Reply to {D}aniel {D}ennett's ``{T}he {E}volution of `Why?'''},
	Year = {2010}}

@incollection{Brandom:2010c,
	Author = {Brandom, R.},
	Editor = {Weiss, B. and Wanderer, J.}, 
	Booktitle = {Reading Brandom: {O}n \textit{Making it Explicit}},
	Pages = {305-308},
	Publisher = {Routledge},
	Title = {Reply to Jerry Fodor and Ernie Lepore's ``Brandom Beleaguered''},
	Year = {2010}}

@incollection{Dennett:2010,
	Author = {Dennett, D.},
    Editor = {Weiss, B. and Wanderer, J.}, 
	Booktitle = {Reading Brandom: {O}n \textit{Making it Explicit}},
	Pages = {57-71},
	Publisher = {Routledge},
	Title = {On the Evolution of ``Why''},
	Year = {2010}}

@incollection{Recanati:2012,
	Author = {Recanati, F.},
	Booktitle = {The {O}xford {H}andbook of {C}ompositionality},
	Editor = {Werning, M. and Hinzen, W. and Machery, E.},
	Pages = {175-191},
	Publisher = {Oxford University Press},
	Title = {Compositionality, flexibility, and context dependence},
	Year = {2012}}

@incollection{Szabo:2012,
	Author = {Szabo, Z.},
	Booktitle = {The {O}xford {H}andbook of {C}ompositionality},
	Editor = {Werning, M. and Hinzen, W. and Machery, E.},
	Pages = {64-80},
	Publisher = {Oxford University Press},
	Title = {The case for compositionality},
	Year = {2012}}

@article{LiangPotts:2015,
	Author = {Liang, P. and Potts, C.},
	Journal = {Annual Review of Linguistics},
	Volume = {1},
	Issue = {1},
	Pages = {355-376},
	Title = {Bringing machine learning and compositional semantics together},
	Year = {2015}}

@article{Seidenberg:1997,
	Author = {Seidenberg, M.},
	Journal = {Science},
	Title = {Language Acquistion and Use: Learning and Applying Probabilistic Constraints},
    Pages = {1599-1603},
    Volume = {275},
	Year = {1997}}
    
@article{TurneyPantel:2010,
	Author = {Turney, P. and Pantel, P.},
	Journal = {Journal of Artificial Intelligence Research},
	Title = {From Frequency to Meaning: Vector Space Models of Semantics},
    Pages = {141-188},
    Volume = {37},
	Year = {2010}}
       
@article{ChaterManning:2006,
	Author = {Chater, N. and Manning, C.},
	Journal = {Trends in Cognitive Science},
	Title = {Probabilistic models of language processing and acquisition},
    Pages = {335-344},
    Volume = {10},
    Number = {7},
	Year = {2006}}
    
@article{FrankGoodman:2012,
	Author = {Frank, M. and Goodman, N.},
	Journal = {Science},
	Title = {Predicting Pragmatic Reasoning in Language Games},
    Pages = {998},
    Volume = {336},
    Number = {6084},
	Year = {2012}}

@article{Eliasmith:2010,
	Author = {Eliasmith, C.},
	Journal = {Studies in History and Philosophy of Science},
	Title = {How we ought to describe computation in the brain},
    Pages = {313-320},
    Volume = {41},
	Year = {2010}}

@article{Gayler:2004,
  title={Vector symbolic architectures answer {J}ackendoff's challenges for cognitive neuroscience},
  author={Gayler, R.},
  journal={arXiv preprint cs/0412059},
  year={2004}}

@article{Federmeier:2007,
	Author = {Federmeier, K.},
    Title = {Thinking ahead: The role and roots of prediction in language comprehension},
    Journal = {Psychophysiology},
    Issue = {44},
    Pages = {491-505},
    Year = {2007}}

@incollection{Kutas:2009,
  Title={A look around at what lies ahead: Prediction and predictability in language processing},
  Author={Kutas, M. and DeLong, K. and Smith, N.},
  Booktitle={Predictions in the brain: Using our past to generate a future},
  Editor = {Bar, M.},
  pages={190-207},
  year={2009}}

@article{Kutas:2011,
	Author = {Kutas, M. and Federmeier, K.},
    Title = {Thirty years and counting: Finding meaning in the N400 component of the event related brain potential},
    Journal = {Annual Review of Psychology},
    Issue = {62},
    Pages = {621-647},
    Year = {2011}}

@article{Eliasmith:2003,
	Author = {Eliasmith, C.},
	Journal = {Journal of Philosophy},
	Title = {Moving beyond metaphors: Understanding the mind for what it is},
    Pages = {493-520},
    Number = {C(10)},
	Year = {2003}}

@article{Murphy:1985,
	Author = {Murphy, G. and Medin, D.},
	Journal = {Psychological Review},
	Title = {The Role of Theories in Conceptual Coherence},
    Pages = {289-319},
    Issue = {3},
    Volume = {92},
	Year = {1985}}
    
@article{LinMurphy:1997,
	Author = {Lin, E. and Murphy, G.},
	Journal = {Journal of Experimental Psychology: Human Perception and Performance},
	Title = {Effects of background knowledge on object categorization and part detection},
    Pages = {1153-1169},
    Issue = {4},
    Volume = {23},
	Year = {1997}}

@incollection{Tomasello:2005,
	Author = {Tomasello, M.},
	Editor = {Bevin, E.},
	Publisher = {Cambridge University Press},
	Booktitle = {The Cambridge Handbook of Child Language},
    Pages = {69-88},
    Title = {The Usage-Based Theory of Language Acquisition},
	Year = {2009}}

@book{MargolisLaurence:1999,
	Editor = {Margolis, E. and Laurence, S.},
	Publisher = {MIT Press},
	Title = {Concepts: Core Readings},
	Year = {1999}}

@book{Carpenter:1997,
	Address = {Cambridge, MA},
	Author = {Carpenter, B.},
	Publisher = {MIT Press},
	Title = {Type-Logical Semantics},
	Year = {1997}}
   
@book{Kripke:1982,
	Author = {Kripke, S.},
	Publisher = {Harvard University Press},
	Title = {Wittgenstein on Rules and Private Language},
	Year = {1982}}   

@article{LandauerDumais:1997,
	Author = {Landauer, T. and Dumais, S.},
	Journal = {Psychological Review},
	Number = {2},
	Pages = {211-240},
	Title = {A solution to {P}lato's problem: The latent semantic analysis theory of the acquisition, induction and representation of knowledge},
	Volume = {104},
	Year = {1997}}

@article{JonesMewhort:2007,
	Author = {Jones, M. and Mewhort, D.},
	Journal = {Psychological Review},
	Number = {1},
	Pages = {1-37},
	Title = {Representing word meaning and order information in a composite holographic lexicon.},
	Volume = {114},
	Year = {2007}}

@article{Baroni:2014,
	Author = {Baroni, M. and Bernardi, R. and Zamparelli, R.},
	Journal = {Linguistic Issues in Language Technologies},
	Pages = {241-346},
	Title = {Frege in Space: A Program for Compositional Distributional Semantics.},
	Volume = {9},
	Year = {2014}}

@book{EliasmithAnderson:2003,
	Author = {Eliasmith, C. and Anderson, C.},
	Publisher = {MIT Press},
	Title = {Neural Engineering: Computation, Representation, and Dynamics in Neurobiological Systems.},
	Year = {2013}}

@article {Eliasmith:2001,
  title = {Integrating structure and meaning: a distributed model of analogical mapping},
  journal = {Cognitive Science},
  volume = {25},
  year = {2001},
  pages = {245-286},
  author = {Eliasmith, C. and Thagard, P.}}

@inproceedings{Fishbein:2008,
  title = {Methods for augmenting semantic models with structural information for text classification},
  journal = {Advances in Information Retrieval},
  year = {2008},
  pages = {575-579},
  publisher = {Springer},
  author = {Fishbein, J. and Eliasmith, C.}}

@inproceedings {Carrillo:2009,
  title = {Combining Text Vector Representations for Information Retrieval},
  journal = {Proceedings of the 12th {I}nternational {C}onference on {T}ext, {S}peech and {D}ialogue},
  year = {2009},
  author = {Carrillo, M. and Eliasmith, C. and Lopez-Lopez, A.}}

@book{Eliasmith:2013,
	Author = {Eliasmith, C.},
	Publisher = {Oxford University Press},
	Title = {How to build a brain: A neural architecture for biological cognition.},
	Year = {2013}}

@article{Manning:2015,
	Author = {Manning, C.},
    Journal = {Computational Linguistics},
    Number = {4},
   	Pages = {701-707},
    Title = {Last Words: Computational Linguistics and Deep Learning},
    Volume = {41},
    Year = {2015}}

@book{Manning:1999,
	Author = {Manning, C. and Schutze, H.},
	Publisher = {MIT Press},
	Title = {Foundations of Statistical Natural Language Processing},
	Year = {1999}}

@book{Harley:2014,
	Author = {Harley, T.},
	Publisher = {Psychology Press},
	Title = {Psychology of Language: {F}rom data to theory},
    Edition = {4th},
	Year = {2014}}

@book{Jackendoff:2002,
	Address = {New York, NY},
	Author = {Jackendoff, R.},
	Publisher = {Oxford University Press},
	Title = {Foundations of language: Brain, meaning, grammar, evolution},
	Year = {2002}}

@book{Fodor:1998,
	Address = {New York, NY},
	Author = {Fodor, J.},
	Publisher = {Oxford University Press},
	Title = {Concepts: Where cognitive science went wrong},
	Year = {1998}}